@misc{devteste,
	title = {Introdução a web services RESTful},
	url = {https://www.devmedia.com.br/introducao-a-web-services-restful/37387},
	organization = {Devmedia},
	urlaccessdate={27 dez. 2018}
}
@manual{teste2,
	title  = "Introdução a web services RESTful",
	author = "DevMedia",
	url    = "https://www.devmedia.com.br/introducao-a-web-services-restful/37387",
	year   = "27 dez. 2018"
}
@misc{dev1,
	Author = {DevMedia},
	Day = {27},
	Howpublished =
	{\url{https://www.devmedia.com.br/introducao-a-web-services-restful/37387}},
	Keywords = {EST, Genbank, NCBI},
	Month = {Dez.},
	Note = {27 Dezembro, 2018},
	Title = {Introdução a web services RESTful},
	Url = {\url{https://www.devmedia.com.br/introducao-a-web-services-restful/37387}},
	Urlacessdate = {27 dez. 2018},
	month = jun,
	Year = {2018}
}
@Book{knuth:84,
  author = 	 {Donald E. Knuth},
  title = 	 {The {\TeX} Book},
  publisher = 	 {Addison-Wesley},
  year = 	 {1984},
  edition = 	 {15th}
}

@InCollection{boulic:91,
  author = 	 {R. Boulic and O. Renault},
  title = 	 {3D Hierarchies for Animation},
  booktitle = 	 {New Trends in Animation and Visualization},
  publisher =    {John Wiley {\&} Sons ltd.},
  year = 	 {1991},
  editor = 	 {Nadia Magnenat-Thalmann and Daniel Thalmann}
}

@InCollection{smith:99,
  author = 	 {A. Smith and B. Jones},
  title = 	 {On the Complexity of Computing},
  booktitle = 	 {Advances in Computer Science},
  pages = 	 {555--566},
  publisher =    {Publishing Press},
  year = 	 {1999},
  editor = 	 {A. B. Smith-Jones}
}
